@article{Greene1975,
author = {Greene, Mark},
year = {1975},
month = {01},
pages = {1-10},
title = {An Epidemiologic Assessment of Heroin Use},
volume = {64 Suppl 12},
journal = {American journal of public health},
doi = {10.2105/AJPH.64.12_Suppl.1}
}